<?xml version="1.0" encoding="UTF-8"?><collection xmlns="http://www.loc.gov/MARC21/slim"><record><leader>00441nam--2200121-i-4500</leader><controlfield tag="001">000002403</controlfield><controlfield tag="002">20161230</controlfield><controlfield tag="005">20161230201025</controlfield><controlfield tag="008">060222s1000------------r-----000-0-eng-d</controlfield><datafield ind1=" " ind2=" " tag="080"><subfield code="a">538.911:538.95(061.3)</subfield></datafield><datafield ind1=" " ind2=" " tag="245"><subfield code="a">Festkorperphysik. tagung der eotvos lorand fizikai tarsultt in gemeinschaft mit der physikalischen gesellschaft in der d.d.r. vom 14-20 sept. 1959 in balatonfured</subfield></datafield><datafield ind1=" " ind2=" " tag="260"><subfield code="a">Berlin, Akademie-verlag, 1961. 532 P</subfield></datafield><datafield ind1=" " ind2=" " tag="852"><subfield code="a">11112</subfield></datafield></record></collection>